@article{ACD,
  author ={Robert F. Engle and Jeffrey R. Russell},
  title ={Autoregressive Conditional Duration: A New Model For Irregularly Spaced Transaction Data},
  journal ={Econometrica},
  volume ={66},
  year ={1998}
}

@article{SCD,
  author ={Luc Bauwens and David Veredas},
  title ={The stochastic conditional duration model: a latent variable model for the analysis of financial durations},
  journal ={Econometrics eJournal},
  volume ={119},
  year ={2004}
}

@article{LogACD,
  author ={Luc Bauwens and Pierre Giot},
  title ={The Logarithmic ACD Model: An Application to the Bid-Ask Quote Process of Three NYSE Stocks},
  journal ={Annales d'Ã‰conomie et de Statistique},
  volume ={60},
  year ={2000}
}

@article{FIACD,
  author ={Joann Jasiak},
  title ={Persistence in intratrade durations},
  journal ={Capital Markets: Market Microstructure},
  volume ={19},
  year ={1999}
}

@article{AACD,
  author ={Marcelo Fernandes and Joachim Grammig},
  title ={A family of autoregressive conditional duration models},
  journal ={Journal of Econometrics},
  volume ={130},
  year ={2006}
}

@Book{ACDtext,
  author ={R. Tsay},
  title ={Autoregressive Conditional Duration Models},
  journal ={Palgrave Handbook of Econometrics},
  volume ={2},
  year ={2009}
}

@article{EE,
  author ={Aerambamoorthy Thavaneswaran , Nalini Ravishanker , You Liang},
  title ={Generalized duration models and optimal estimation using estimating functions},
  journal ={Annals of the Institute of Statistical Mathematics},
  volume ={67},
  year ={2015}
}